<?xml version = "1.0" encoding = "UTF-8"?><record>
  <leader>01082nam#a2200277#c#4500</leader>
  <controlfield tag="005">20210407174823.0</controlfield>
  <controlfield tag="007">tu</controlfield>
  <controlfield tag="008">970502|1996####xx############|||#|#####c</controlfield>
  <controlfield tag="003">DE-605</controlfield>
  <controlfield tag="001">990028000100206441</controlfield>
  <datafield tag="020" ind1=" " ind2=" ">
    <subfield code="a">3922406661</subfield>
    <subfield code="9">3-922406-66-1</subfield>
    <subfield code="0">(uri) http://www.isbnsearch.org/isbn/3922406661</subfield>
  </datafield>
  <datafield tag="035" ind1=" " ind2=" ">
    <subfield code="a">(DE-605)HT007331917</subfield>
  </datafield>
  <datafield tag="040" ind1=" " ind2=" ">
    <subfield code="a">836</subfield>
    <subfield code="b">ger</subfield>
    <subfield code="e">rakwb</subfield>
  </datafield>
  <datafield tag="100" ind1="1" ind2=" ">
    <subfield code="a">Droste-H&#252;lshoff, Annette &lt;&lt;von&gt;&gt;</subfield>
    <subfield code="d">1797-1848</subfield>
    <subfield code="0">(DE-588)118527533</subfield>
    <subfield code="4">aut</subfield>
    <subfield code="B">GND-118527533</subfield>
  </datafield>
  <datafield tag="245" ind1="1" ind2="0">
    <subfield code="a">&lt;&lt;Die&gt;&gt; Judenbuche</subfield>
    <subfield code="c">Annette von Droste-H&#252;lshoff. Holzstiche von Karl-Georg Hirsch</subfield>
  </datafield>
  <datafield tag="264" ind1=" " ind2="1">
    <subfield code="a">Memmingen</subfield>
    <subfield code="b">Visel</subfield>
    <subfield code="c">1996</subfield>
  </datafield>
  <datafield tag="300" ind1=" " ind2=" ">
    <subfield code="a">89 S. : Ill.</subfield>
  </datafield>
  <datafield tag="500" ind1=" " ind2=" ">
    <subfield code="a">Erschienen in einer Aufl. von 190 signierten und nummerierten Exemplaren</subfield>
    <subfield code="9">F:511</subfield>
  </datafield>
  <datafield tag="689" ind1="0" ind2="0">
    <subfield code="a">Hirsch, Karl-Georg</subfield>
    <subfield code="d">1938-</subfield>
    <subfield code="D">p</subfield>
    <subfield code="0">(DE-588)118705172</subfield>
    <subfield code="0">(uri) https://portal.dnb.de/opac.htm?method=simpleSearch&amp;cqlMode=true&amp;query=idn=118705172</subfield>
    <subfield code="0">(uri) http://viaf.org/viaf/sourceID/DNB|118705172</subfield>
    <subfield code="B">GND-118705172</subfield>
  </datafield>
  <datafield tag="689" ind1="0" ind2="1">
    <subfield code="a">Illustration</subfield>
    <subfield code="D">s</subfield>
    <subfield code="0">(DE-588)4123412-1</subfield>
    <subfield code="0">(uri) https://portal.dnb.de/opac.htm?method=simpleSearch&amp;cqlMode=true&amp;query=idn=04123412X</subfield>
    <subfield code="0">(uri) http://viaf.org/viaf/sourceID/DNB|04123412X</subfield>
    <subfield code="B">GND-04123412X</subfield>
  </datafield>
  <datafield tag="689" ind1="0" ind2="2">
    <subfield code="a">Holzstich</subfield>
    <subfield code="D">s</subfield>
    <subfield code="0">(DE-588)4125166-0</subfield>
    <subfield code="0">(uri) https://portal.dnb.de/opac.htm?method=simpleSearch&amp;cqlMode=true&amp;query=idn=041251660</subfield>
    <subfield code="0">(uri) http://viaf.org/viaf/sourceID/DNB|041251660</subfield>
    <subfield code="B">GND-041251660</subfield>
  </datafield>
  <datafield tag="689" ind1="0" ind2="3">
    <subfield code="a">Droste-H&#252;lshoff, Annette &lt;&lt;von&gt;&gt;</subfield>
    <subfield code="d">1797-1848</subfield>
    <subfield code="t">&lt;&lt;Die&gt;&gt; Judenbuche</subfield>
    <subfield code="D">p</subfield>
    <subfield code="0">(DE-588)4113356-0</subfield>
    <subfield code="B">GND-041133560</subfield>
  </datafield>
  <datafield tag="700" ind1="1" ind2=" ">
    <subfield code="a">Hirsch, Karl-Georg</subfield>
    <subfield code="d">1938-</subfield>
    <subfield code="0">(DE-588)118705172</subfield>
    <subfield code="4">ill</subfield>
    <subfield code="0">(uri) https://portal.dnb.de/opac.htm?method=simpleSearch&amp;cqlMode=true&amp;query=idn=118705172</subfield>
    <subfield code="0">(uri) http://viaf.org/viaf/sourceID/DNB|118705172</subfield>
    <subfield code="B">GND-118705172</subfield>
  </datafield>
  <datafield tag="964" ind1="0" ind2="s">
    <subfield code="F">030</subfield>
    <subfield code="A">a|1uc||||||17</subfield>
  </datafield>
  <datafield tag="964" ind1="0" ind2="s">
    <subfield code="F">050</subfield>
    <subfield code="A">a|||||||||||||</subfield>
  </datafield>
  <datafield tag="964" ind1="0" ind2="s">
    <subfield code="F">051</subfield>
    <subfield code="A">m|||||||</subfield>
  </datafield>
  <datafield tag="MBD" ind1=" " ind2=" ">
    <subfield code="M">49HBZ_NETWORK</subfield>
    <subfield code="i">990028000100206441</subfield>
    <subfield code="n">HBZ Network</subfield>
  </datafield>
  <datafield tag="MNG" ind1=" " ind2=" ">
    <subfield code="c">System</subfield>
    <subfield code="f">ILS</subfield>
    <subfield code="i">marc21</subfield>
    <subfield code="k">01</subfield>
    <subfield code="e">false</subfield>
    <subfield code="d">2021-08-17 04:07:32 Europe/Berlin</subfield>
    <subfield code="g">002800010-HBZ01</subfield>
    <subfield code="j">60</subfield>
    <subfield code="a">import</subfield>
    <subfield code="b">2021-04-05 20:41:34 Europe/Berlin</subfield>
  </datafield>
  <datafield tag="GST" ind1=" " ind2=" ">
    <subfield code="a">Tonstich</subfield>
    <subfield code="A">GND</subfield>
    <subfield code="B">GND-041251660</subfield>
    <subfield code="C">450</subfield>
  </datafield>
  <datafield tag="GST" ind1=" " ind2=" ">
    <subfield code="a">Xylographie</subfield>
    <subfield code="A">GND</subfield>
    <subfield code="B">GND-041251660</subfield>
    <subfield code="C">450</subfield>
  </datafield>
  <datafield tag="GST" ind1=" " ind2=" ">
    <subfield code="a">Xylografie</subfield>
    <subfield code="A">GND</subfield>
    <subfield code="B">GND-041251660</subfield>
    <subfield code="C">450</subfield>
  </datafield>
  <datafield tag="GST" ind1=" " ind2=" ">
    <subfield code="a">Holzstiche</subfield>
    <subfield code="A">GND</subfield>
    <subfield code="B">GND-041251660</subfield>
    <subfield code="C">450</subfield>
  </datafield>
  <datafield tag="GSI" ind1="7" ind2=" ">
    <subfield code="a">http://d-nb.info/gnd/4125166-0</subfield>
    <subfield code="2">uri</subfield>
    <subfield code="A">GND</subfield>
    <subfield code="B">GND-041251660</subfield>
    <subfield code="C">024</subfield>
  </datafield>
  <datafield tag="GST" ind1=" " ind2=" ">
    <subfield code="a">Abbildung</subfield>
    <subfield code="g">Buchkunst</subfield>
    <subfield code="A">GND</subfield>
    <subfield code="B">GND-04123412X</subfield>
    <subfield code="C">450</subfield>
  </datafield>
  <datafield tag="GST" ind1=" " ind2=" ">
    <subfield code="a">Buchillustration</subfield>
    <subfield code="A">GND</subfield>
    <subfield code="B">GND-04123412X</subfield>
    <subfield code="C">450</subfield>
  </datafield>
  <datafield tag="GST" ind1=" " ind2=" ">
    <subfield code="a">Buch</subfield>
    <subfield code="x">Illustration</subfield>
    <subfield code="A">GND</subfield>
    <subfield code="B">GND-04123412X</subfield>
    <subfield code="C">450</subfield>
  </datafield>
  <datafield tag="GST" ind1=" " ind2=" ">
    <subfield code="a">Bebilderung</subfield>
    <subfield code="A">GND</subfield>
    <subfield code="B">GND-04123412X</subfield>
    <subfield code="C">450</subfield>
  </datafield>
  <datafield tag="GST" ind1=" " ind2=" ">
    <subfield code="a">Bildmaterial</subfield>
    <subfield code="g">Buchkunst</subfield>
    <subfield code="A">GND</subfield>
    <subfield code="B">GND-04123412X</subfield>
    <subfield code="C">450</subfield>
  </datafield>
  <datafield tag="GST" ind1=" " ind2=" ">
    <subfield code="a">Wissenschaftliche Illustration</subfield>
    <subfield code="A">GND</subfield>
    <subfield code="B">GND-04123412X</subfield>
    <subfield code="C">450</subfield>
  </datafield>
  <datafield tag="GST" ind1=" " ind2=" ">
    <subfield code="a">Illustrationen</subfield>
    <subfield code="A">GND</subfield>
    <subfield code="B">GND-04123412X</subfield>
    <subfield code="C">450</subfield>
  </datafield>
  <datafield tag="GST" ind1=" " ind2=" ">
    <subfield code="a">Buchillustrationen</subfield>
    <subfield code="A">GND</subfield>
    <subfield code="B">GND-04123412X</subfield>
    <subfield code="C">450</subfield>
  </datafield>
  <datafield tag="GSI" ind1="7" ind2=" ">
    <subfield code="a">http://d-nb.info/gnd/4123412-1</subfield>
    <subfield code="2">uri</subfield>
    <subfield code="A">GND</subfield>
    <subfield code="B">GND-04123412X</subfield>
    <subfield code="C">024</subfield>
  </datafield>
  <datafield tag="GPN" ind1="1" ind2=" ">
    <subfield code="a">Hirsch, Karl Georg</subfield>
    <subfield code="d">1938-</subfield>
    <subfield code="A">GND</subfield>
    <subfield code="B">GND-118705172</subfield>
    <subfield code="C">400</subfield>
  </datafield>
  <datafield tag="GPN" ind1="1" ind2=" ">
    <subfield code="a">Hirsch, Karl-Georg (K&#252;nstler)</subfield>
    <subfield code="d">1938-</subfield>
    <subfield code="A">GND</subfield>
    <subfield code="B">GND-118705172</subfield>
    <subfield code="C">400</subfield>
  </datafield>
  <datafield tag="GSI" ind1="7" ind2=" ">
    <subfield code="a">118705172</subfield>
    <subfield code="0">http://d-nb.info/gnd/118705172</subfield>
    <subfield code="2">gnd</subfield>
    <subfield code="A">GND</subfield>
    <subfield code="B">GND-118705172</subfield>
    <subfield code="C">024</subfield>
  </datafield>
  <datafield tag="GPN" ind1="1" ind2=" ">
    <subfield code="a">Droste-H&#252;lshoff, Annette &lt;&lt;von&gt;&gt;</subfield>
    <subfield code="d">1797-1848</subfield>
    <subfield code="t">&lt;&lt;Die&gt;&gt; Judenbuche : ein Sittengem&#228;lde aus dem gebirgichten Westfalen</subfield>
    <subfield code="5">DE-32</subfield>
    <subfield code="A">GND</subfield>
    <subfield code="B">GND-041133560</subfield>
    <subfield code="C">400</subfield>
  </datafield>
  <datafield tag="GPN" ind1="1" ind2=" ">
    <subfield code="a">Droste-H&#252;lshoff, Annette &lt;&lt;von&gt;&gt;</subfield>
    <subfield code="d">1797-1848</subfield>
    <subfield code="t">&lt;&lt;Die&gt;&gt; Judenbuche : ein Sittengem&#228;lde aus dem gebirgigten Westphalen</subfield>
    <subfield code="5">DE-32</subfield>
    <subfield code="A">GND</subfield>
    <subfield code="B">GND-041133560</subfield>
    <subfield code="C">400</subfield>
  </datafield>
  <datafield tag="GPN" ind1="1" ind2=" ">
    <subfield code="a">Droste-H&#252;lshoff, Annette &lt;&lt;von&gt;&gt;</subfield>
    <subfield code="d">1797-1848</subfield>
    <subfield code="t">&lt;&lt;Die&gt;&gt; Judenbuche : eine Novelle</subfield>
    <subfield code="5">DE-32</subfield>
    <subfield code="A">GND</subfield>
    <subfield code="B">GND-041133560</subfield>
    <subfield code="C">400</subfield>
  </datafield>
  <datafield tag="GPN" ind1="1" ind2=" ">
    <subfield code="a">Droste-H&#252;lshoff, Annette &lt;&lt;von&gt;&gt;</subfield>
    <subfield code="d">1797-1848</subfield>
    <subfield code="t">&lt;&lt;The&gt;&gt; Jew&apos;s Beech</subfield>
    <subfield code="9">v:ISO639: eng</subfield>
    <subfield code="A">GND</subfield>
    <subfield code="B">GND-041133560</subfield>
    <subfield code="C">400</subfield>
  </datafield>
  <datafield tag="GPN" ind1="1" ind2=" ">
    <subfield code="a">Droste-H&#252;lshoff, Annette &lt;&lt;von&gt;&gt;</subfield>
    <subfield code="d">1797-1848</subfield>
    <subfield code="t">&lt;&lt;The&gt;&gt; Jews&apos; beech tree</subfield>
    <subfield code="9">v:ISO639: eng</subfield>
    <subfield code="A">GND</subfield>
    <subfield code="B">GND-041133560</subfield>
    <subfield code="C">400</subfield>
  </datafield>
  <datafield tag="GPN" ind1="1" ind2=" ">
    <subfield code="a">Droste-H&#252;lshoff, Annette &lt;&lt;von&gt;&gt;</subfield>
    <subfield code="d">1797-1848</subfield>
    <subfield code="t">&lt;&lt;The&gt;&gt; Jews&#8217; beech : a portrait of morals in hilly Westphalia</subfield>
    <subfield code="9">v:ISO639: eng</subfield>
    <subfield code="A">GND</subfield>
    <subfield code="B">GND-041133560</subfield>
    <subfield code="C">400</subfield>
  </datafield>
  <datafield tag="GPN" ind1="1" ind2=" ">
    <subfield code="a">Droste-H&#252;lshoff, Annette &lt;&lt;von&gt;&gt;</subfield>
    <subfield code="d">1797-1848</subfield>
    <subfield code="t">&lt;&lt;Le&gt;&gt; h&#234;tre aux Juifs : sc&#232;nes de la vie des montagnards westphaliens</subfield>
    <subfield code="9">v:ISO639: fre</subfield>
    <subfield code="A">GND</subfield>
    <subfield code="B">GND-041133560</subfield>
    <subfield code="C">400</subfield>
  </datafield>
  <datafield tag="GPN" ind1="1" ind2=" ">
    <subfield code="a">Droste-H&#252;lshoff, Annette &lt;&lt;von&gt;&gt;</subfield>
    <subfield code="d">1797-1848</subfield>
    <subfield code="t">&lt;&lt;A&gt;&gt; zsid&#243;b&#252;kk : Erk&#246;lcsk&#233;p a vestf&#225;liai hegyekb&#337;l</subfield>
    <subfield code="9">v:ISO639: hun</subfield>
    <subfield code="A">GND</subfield>
    <subfield code="B">GND-041133560</subfield>
    <subfield code="C">400</subfield>
  </datafield>
  <datafield tag="GPN" ind1="1" ind2=" ">
    <subfield code="a">Droste-H&#252;lshoff, Annette &lt;&lt;von&gt;&gt;</subfield>
    <subfield code="d">1797-1848</subfield>
    <subfield code="t">Fagul evreilor</subfield>
    <subfield code="9">v:ISO639: rom</subfield>
    <subfield code="A">GND</subfield>
    <subfield code="B">GND-041133560</subfield>
    <subfield code="C">400</subfield>
  </datafield>
  <datafield tag="GPN" ind1="1" ind2=" ">
    <subfield code="a">Droste-H&#252;lshoff, Annette &lt;&lt;von&gt;&gt;</subfield>
    <subfield code="d">1797-1848</subfield>
    <subfield code="t">&lt;&lt;A&gt;&gt; Faia do Judeu</subfield>
    <subfield code="9">v:ISO639: por</subfield>
    <subfield code="A">GND</subfield>
    <subfield code="B">GND-041133560</subfield>
    <subfield code="C">400</subfield>
  </datafield>
  <datafield tag="GPN" ind1="1" ind2=" ">
    <subfield code="a">Droste-H&#252;lshoff, Annette &lt;&lt;von&gt;&gt;</subfield>
    <subfield code="d">1797-1848</subfield>
    <subfield code="t">&lt;&lt;La&gt;&gt; fago de la judoj</subfield>
    <subfield code="9">v:ISO639: epo</subfield>
    <subfield code="A">GND</subfield>
    <subfield code="B">GND-041133560</subfield>
    <subfield code="C">400</subfield>
  </datafield>
  <datafield tag="GPN" ind1="1" ind2=" ">
    <subfield code="a">Droste-H&#252;lshoff, Annette &lt;&lt;von&gt;&gt;</subfield>
    <subfield code="d">1797-1848</subfield>
    <subfield code="t">&lt;&lt;Il&gt;&gt; faggio degli ebrei</subfield>
    <subfield code="9">v:ISO639: ita</subfield>
    <subfield code="A">GND</subfield>
    <subfield code="B">GND-041133560</subfield>
    <subfield code="C">400</subfield>
  </datafield>
  <datafield tag="GSI" ind1="7" ind2=" ">
    <subfield code="a">4113356-0</subfield>
    <subfield code="0">http://d-nb.info/gnd/4113356-0</subfield>
    <subfield code="2">gnd</subfield>
    <subfield code="A">GND</subfield>
    <subfield code="B">GND-041133560</subfield>
    <subfield code="C">024</subfield>
  </datafield>
  <datafield tag="GPN" ind1="1" ind2=" ">
    <subfield code="a">Hirsch, Karl Georg</subfield>
    <subfield code="d">1938-</subfield>
    <subfield code="A">GND</subfield>
    <subfield code="B">GND-118705172</subfield>
    <subfield code="C">400</subfield>
  </datafield>
  <datafield tag="GPN" ind1="1" ind2=" ">
    <subfield code="a">Hirsch, Karl-Georg (K&#252;nstler)</subfield>
    <subfield code="d">1938-</subfield>
    <subfield code="A">GND</subfield>
    <subfield code="B">GND-118705172</subfield>
    <subfield code="C">400</subfield>
  </datafield>
  <datafield tag="GSI" ind1="7" ind2=" ">
    <subfield code="a">118705172</subfield>
    <subfield code="0">http://d-nb.info/gnd/118705172</subfield>
    <subfield code="2">gnd</subfield>
    <subfield code="A">GND</subfield>
    <subfield code="B">GND-118705172</subfield>
    <subfield code="C">024</subfield>
  </datafield>
  <datafield tag="GPN" ind1="1" ind2=" ">
    <subfield code="a">D.-H., Annette Elisabeth &lt;&lt;v.&gt;&gt;</subfield>
    <subfield code="d">1797-1848</subfield>
    <subfield code="A">GND</subfield>
    <subfield code="B">GND-118527533</subfield>
    <subfield code="C">400</subfield>
  </datafield>
  <datafield tag="GPN" ind1="1" ind2=" ">
    <subfield code="a">Droste, ...</subfield>
    <subfield code="d">1797-1848</subfield>
    <subfield code="A">GND</subfield>
    <subfield code="B">GND-118527533</subfield>
    <subfield code="C">400</subfield>
  </datafield>
  <datafield tag="GPN" ind1="1" ind2=" ">
    <subfield code="a">Droste, Annette &lt;&lt;von&gt;&gt;</subfield>
    <subfield code="d">1797-1848</subfield>
    <subfield code="A">GND</subfield>
    <subfield code="B">GND-118527533</subfield>
    <subfield code="C">400</subfield>
  </datafield>
  <datafield tag="GPN" ind1="1" ind2=" ">
    <subfield code="a">Droste H&#252;lshoff, Annette &lt;&lt;von&gt;&gt;</subfield>
    <subfield code="d">1797-1848</subfield>
    <subfield code="A">GND</subfield>
    <subfield code="B">GND-118527533</subfield>
    <subfield code="C">400</subfield>
  </datafield>
  <datafield tag="GPN" ind1="1" ind2=" ">
    <subfield code="a">Droste-H&#252;lshoff, A. &lt;&lt;von&gt;&gt;</subfield>
    <subfield code="d">1797-1848</subfield>
    <subfield code="A">GND</subfield>
    <subfield code="B">GND-118527533</subfield>
    <subfield code="C">400</subfield>
  </datafield>
  <datafield tag="GPN" ind1="1" ind2=" ">
    <subfield code="a">Droste-H&#252;lshoff, ...</subfield>
    <subfield code="d">1797-1848</subfield>
    <subfield code="A">GND</subfield>
    <subfield code="B">GND-118527533</subfield>
    <subfield code="C">400</subfield>
  </datafield>
  <datafield tag="GPN" ind1="1" ind2=" ">
    <subfield code="a">Droste-H&#252;lshoff, Anette &lt;&lt;v.&gt;&gt;</subfield>
    <subfield code="d">1797-1848</subfield>
    <subfield code="A">GND</subfield>
    <subfield code="B">GND-118527533</subfield>
    <subfield code="C">400</subfield>
  </datafield>
  <datafield tag="GPN" ind1="1" ind2=" ">
    <subfield code="a">Droste-H&#252;lshoff, Anette &lt;&lt;von&gt;&gt;</subfield>
    <subfield code="d">1797-1848</subfield>
    <subfield code="A">GND</subfield>
    <subfield code="B">GND-118527533</subfield>
    <subfield code="C">400</subfield>
  </datafield>
  <datafield tag="GPN" ind1="1" ind2=" ">
    <subfield code="a">Droste-H&#252;lshoff, Annette</subfield>
    <subfield code="d">1797-1848</subfield>
    <subfield code="A">GND</subfield>
    <subfield code="B">GND-118527533</subfield>
    <subfield code="C">400</subfield>
  </datafield>
  <datafield tag="GPN" ind1="1" ind2=" ">
    <subfield code="a">Droste-H&#252;lshoff, Anna Elisabeth &lt;&lt;v.&gt;&gt;</subfield>
    <subfield code="d">1797-1848</subfield>
    <subfield code="4">nawi</subfield>
    <subfield code="4">https://d-nb.info/standards/elementset/gnd#realIdentity</subfield>
    <subfield code="w">r</subfield>
    <subfield code="i">Wirklicher Name</subfield>
    <subfield code="e">Wirklicher Name</subfield>
    <subfield code="A">GND</subfield>
    <subfield code="B">GND-118527533</subfield>
    <subfield code="C">400</subfield>
  </datafield>
  <datafield tag="GPN" ind1="1" ind2=" ">
    <subfield code="a">Droste-H&#252;lshoff, Anna Elisabeth &lt;&lt;von&gt;&gt;</subfield>
    <subfield code="d">1797-1848</subfield>
    <subfield code="4">nawi</subfield>
    <subfield code="4">https://d-nb.info/standards/elementset/gnd#realIdentity</subfield>
    <subfield code="w">r</subfield>
    <subfield code="i">Wirklicher Name</subfield>
    <subfield code="e">Wirklicher Name</subfield>
    <subfield code="A">GND</subfield>
    <subfield code="B">GND-118527533</subfield>
    <subfield code="C">400</subfield>
  </datafield>
  <datafield tag="GPN" ind1="1" ind2=" ">
    <subfield code="a">Droste-H&#252;lshoff, Annette &lt;&lt;v.&gt;&gt;</subfield>
    <subfield code="d">1797-1848</subfield>
    <subfield code="A">GND</subfield>
    <subfield code="B">GND-118527533</subfield>
    <subfield code="C">400</subfield>
  </datafield>
  <datafield tag="GPN" ind1="1" ind2=" ">
    <subfield code="a">Droste-Huelshoff, Annette &lt;&lt;von&gt;&gt;</subfield>
    <subfield code="d">1797-1848</subfield>
    <subfield code="A">GND</subfield>
    <subfield code="B">GND-118527533</subfield>
    <subfield code="C">400</subfield>
  </datafield>
  <datafield tag="GPN" ind1="1" ind2=" ">
    <subfield code="a">Droste zu H&#252;lshoff, Anna Elisabeth</subfield>
    <subfield code="d">1797-1848</subfield>
    <subfield code="A">GND</subfield>
    <subfield code="B">GND-118527533</subfield>
    <subfield code="C">400</subfield>
  </datafield>
  <datafield tag="GPN" ind1="1" ind2=" ">
    <subfield code="a">Droste zu H&#252;lshoff, Anna Elisabeth Franziska Adolphine Wilhelmine Louise Maria &lt;&lt;von&gt;&gt;</subfield>
    <subfield code="d">1797-1848</subfield>
    <subfield code="9">v:NDB</subfield>
    <subfield code="A">GND</subfield>
    <subfield code="B">GND-118527533</subfield>
    <subfield code="C">400</subfield>
  </datafield>
  <datafield tag="GPN" ind1="1" ind2=" ">
    <subfield code="a">Droste zu H&#252;lshoff, Anna Elisabeth Francisca Maria Adolphina Wilhelmina Ludovica &lt;&lt;von&gt;&gt;</subfield>
    <subfield code="d">1797-1848</subfield>
    <subfield code="A">GND</subfield>
    <subfield code="B">GND-118527533</subfield>
    <subfield code="C">400</subfield>
  </datafield>
  <datafield tag="GPN" ind1="1" ind2=" ">
    <subfield code="a">Droste zu H&#252;lshoff, Annette &lt;&lt;von&gt;&gt;</subfield>
    <subfield code="d">1797-1848</subfield>
    <subfield code="A">GND</subfield>
    <subfield code="B">GND-118527533</subfield>
    <subfield code="C">400</subfield>
  </datafield>
  <datafield tag="GPN" ind1="1" ind2=" ">
    <subfield code="a">Droste zu H&#252;lshoff, Elisabeth Anna</subfield>
    <subfield code="d">1797-1848</subfield>
    <subfield code="A">GND</subfield>
    <subfield code="B">GND-118527533</subfield>
    <subfield code="C">400</subfield>
  </datafield>
  <datafield tag="GPN" ind1="1" ind2=" ">
    <subfield code="a">H&#252;lshoff, Anna Elisabeth von Droste-</subfield>
    <subfield code="d">1797-1848</subfield>
    <subfield code="4">nawi</subfield>
    <subfield code="4">https://d-nb.info/standards/elementset/gnd#realIdentity</subfield>
    <subfield code="w">r</subfield>
    <subfield code="i">Wirklicher Name</subfield>
    <subfield code="e">Wirklicher Name</subfield>
    <subfield code="A">GND</subfield>
    <subfield code="B">GND-118527533</subfield>
    <subfield code="C">400</subfield>
  </datafield>
  <datafield tag="GPN" ind1="1" ind2=" ">
    <subfield code="a">Deluosite-Xuersihuofu, ...</subfield>
    <subfield code="d">1797-1848</subfield>
    <subfield code="A">GND</subfield>
    <subfield code="B">GND-118527533</subfield>
    <subfield code="C">400</subfield>
  </datafield>
  <datafield tag="GPN" ind1="1" ind2=" ">
    <subfield code="a">H&#252;lshoff, A. von Droste-</subfield>
    <subfield code="d">1797-1848</subfield>
    <subfield code="A">GND</subfield>
    <subfield code="B">GND-118527533</subfield>
    <subfield code="C">400</subfield>
  </datafield>
  <datafield tag="GPN" ind1="1" ind2=" ">
    <subfield code="a">H&#252;lshoff, ... Droste-</subfield>
    <subfield code="d">1797-1848</subfield>
    <subfield code="A">GND</subfield>
    <subfield code="B">GND-118527533</subfield>
    <subfield code="C">400</subfield>
  </datafield>
  <datafield tag="GPN" ind1="1" ind2=" ">
    <subfield code="a">H&#252;lshoff, Anette v. Droste-</subfield>
    <subfield code="d">1797-1848</subfield>
    <subfield code="A">GND</subfield>
    <subfield code="B">GND-118527533</subfield>
    <subfield code="C">400</subfield>
  </datafield>
  <datafield tag="GPN" ind1="1" ind2=" ">
    <subfield code="a">H&#252;lshoff, Anette von Droste-</subfield>
    <subfield code="d">1797-1848</subfield>
    <subfield code="A">GND</subfield>
    <subfield code="B">GND-118527533</subfield>
    <subfield code="C">400</subfield>
  </datafield>
  <datafield tag="GPN" ind1="1" ind2=" ">
    <subfield code="a">H&#252;lshoff, Anna Elisabeth v. Droste-</subfield>
    <subfield code="d">1797-1848</subfield>
    <subfield code="4">nawi</subfield>
    <subfield code="4">https://d-nb.info/standards/elementset/gnd#realIdentity</subfield>
    <subfield code="w">r</subfield>
    <subfield code="i">Wirklicher Name</subfield>
    <subfield code="e">Wirklicher Name</subfield>
    <subfield code="A">GND</subfield>
    <subfield code="B">GND-118527533</subfield>
    <subfield code="C">400</subfield>
  </datafield>
  <datafield tag="GPN" ind1="1" ind2=" ">
    <subfield code="a">H&#252;lshoff, Annette v. Droste-</subfield>
    <subfield code="d">1797-1848</subfield>
    <subfield code="A">GND</subfield>
    <subfield code="B">GND-118527533</subfield>
    <subfield code="C">400</subfield>
  </datafield>
  <datafield tag="GPN" ind1="1" ind2=" ">
    <subfield code="a">Huelshoff, Annette von Droste-</subfield>
    <subfield code="d">1797-1848</subfield>
    <subfield code="A">GND</subfield>
    <subfield code="B">GND-118527533</subfield>
    <subfield code="C">400</subfield>
  </datafield>
  <datafield tag="GPN" ind1="1" ind2=" ">
    <subfield code="a">H&#252;lshoff, Annette Elisabeth Freiin von Droste-</subfield>
    <subfield code="d">1797-1848</subfield>
    <subfield code="A">GND</subfield>
    <subfield code="B">GND-118527533</subfield>
    <subfield code="C">400</subfield>
  </datafield>
  <datafield tag="GPN" ind1="1" ind2=" ">
    <subfield code="a">H&#252;lshoff, Anna Elisabeth Droste &lt;&lt;zu&gt;&gt;</subfield>
    <subfield code="d">1797-1848</subfield>
    <subfield code="A">GND</subfield>
    <subfield code="B">GND-118527533</subfield>
    <subfield code="C">400</subfield>
  </datafield>
  <datafield tag="GPN" ind1="1" ind2=" ">
    <subfield code="a">H&#252;lshoff, Anna Elisabeth Franziska Adolphine Wilhelmine Louise Maria von Droste &lt;&lt;zu&gt;&gt;</subfield>
    <subfield code="d">1797-1848</subfield>
    <subfield code="9">v:NDB</subfield>
    <subfield code="A">GND</subfield>
    <subfield code="B">GND-118527533</subfield>
    <subfield code="C">400</subfield>
  </datafield>
  <datafield tag="GPN" ind1="1" ind2=" ">
    <subfield code="a">H&#252;lshoff, Annette von Droste &lt;&lt;zu&gt;&gt;</subfield>
    <subfield code="d">1797-1848</subfield>
    <subfield code="A">GND</subfield>
    <subfield code="B">GND-118527533</subfield>
    <subfield code="C">400</subfield>
  </datafield>
  <datafield tag="GPN" ind1="1" ind2=" ">
    <subfield code="a">H&#252;lshoff, Elisabeth Anna Droste &lt;&lt;zu&gt;&gt;</subfield>
    <subfield code="d">1797-1848</subfield>
    <subfield code="A">GND</subfield>
    <subfield code="B">GND-118527533</subfield>
    <subfield code="C">400</subfield>
  </datafield>
  <datafield tag="GPN" ind1="1" ind2=" ">
    <subfield code="a">Hyurusuhofu, ... Dorosute-</subfield>
    <subfield code="d">1797-1848</subfield>
    <subfield code="A">GND</subfield>
    <subfield code="B">GND-118527533</subfield>
    <subfield code="C">400</subfield>
  </datafield>
  <datafield tag="GPN" ind1="1" ind2=" ">
    <subfield code="a">Xuersihuofu, ... Deluosite-</subfield>
    <subfield code="d">1797-1848</subfield>
    <subfield code="A">GND</subfield>
    <subfield code="B">GND-118527533</subfield>
    <subfield code="C">400</subfield>
  </datafield>
  <datafield tag="GPN" ind1="1" ind2=" ">
    <subfield code="a">H&#252;lshoff, Annette von Droste</subfield>
    <subfield code="d">1797-1848</subfield>
    <subfield code="A">GND</subfield>
    <subfield code="B">GND-118527533</subfield>
    <subfield code="C">400</subfield>
  </datafield>
  <datafield tag="GPN" ind1="1" ind2=" ">
    <subfield code="a">Droste-H&#252;lshoff, Annette E. &lt;&lt;von&gt;&gt;</subfield>
    <subfield code="d">1797-1848</subfield>
    <subfield code="A">GND</subfield>
    <subfield code="B">GND-118527533</subfield>
    <subfield code="C">400</subfield>
  </datafield>
  <datafield tag="GPN" ind1="1" ind2=" ">
    <subfield code="a">Droste, Annette</subfield>
    <subfield code="d">1797-1848</subfield>
    <subfield code="A">GND</subfield>
    <subfield code="B">GND-118527533</subfield>
    <subfield code="C">400</subfield>
  </datafield>
  <datafield tag="GPN" ind1="1" ind2=" ">
    <subfield code="a">H&#252;lshoff, Annette von Droste-</subfield>
    <subfield code="d">1797-1848</subfield>
    <subfield code="A">GND</subfield>
    <subfield code="B">GND-118527533</subfield>
    <subfield code="C">400</subfield>
  </datafield>
  <datafield tag="GPN" ind1="1" ind2=" ">
    <subfield code="a">Von Droste-H&#252;lshoff, Anna Elisabeth</subfield>
    <subfield code="d">1797-1848</subfield>
    <subfield code="A">GND</subfield>
    <subfield code="B">GND-118527533</subfield>
    <subfield code="C">400</subfield>
  </datafield>
  <datafield tag="GPN" ind1="1" ind2=" ">
    <subfield code="a">Droste-H&#252;lshoff, Annette &lt;&lt;Freiin von&gt;&gt;</subfield>
    <subfield code="d">1797-1848</subfield>
    <subfield code="A">GND</subfield>
    <subfield code="B">GND-118527533</subfield>
    <subfield code="C">400</subfield>
  </datafield>
  <datafield tag="GPN" ind1="1" ind2=" ">
    <subfield code="a">Von Droste-H&#252;lshoff, Annette</subfield>
    <subfield code="d">1797-1848</subfield>
    <subfield code="A">GND</subfield>
    <subfield code="B">GND-118527533</subfield>
    <subfield code="C">400</subfield>
  </datafield>
  <datafield tag="GPN" ind1="1" ind2=" ">
    <subfield code="a">Von Droste-H&#252;lshoff, Annette Elise</subfield>
    <subfield code="d">1797-1848</subfield>
    <subfield code="A">GND</subfield>
    <subfield code="B">GND-118527533</subfield>
    <subfield code="C">400</subfield>
  </datafield>
  <datafield tag="GPN" ind1="1" ind2=" ">
    <subfield code="a">Droste-Huelshoff, Annette Elise &lt;&lt;von&gt;&gt;</subfield>
    <subfield code="d">1797-1848</subfield>
    <subfield code="A">GND</subfield>
    <subfield code="B">GND-118527533</subfield>
    <subfield code="C">400</subfield>
  </datafield>
  <datafield tag="GPN" ind1="1" ind2=" ">
    <subfield code="a">Droste-H&#252;lshoff, Annette Elisabeth</subfield>
    <subfield code="c">Freiin von</subfield>
    <subfield code="d">1797-1848</subfield>
    <subfield code="A">GND</subfield>
    <subfield code="B">GND-118527533</subfield>
    <subfield code="C">400</subfield>
  </datafield>
  <datafield tag="GPN" ind1="1" ind2=" ">
    <subfield code="a">Droste-H&#252;lshof, Annette &lt;&lt;von&gt;&gt;</subfield>
    <subfield code="d">1797-1848</subfield>
    <subfield code="A">GND</subfield>
    <subfield code="B">GND-118527533</subfield>
    <subfield code="C">400</subfield>
  </datafield>
  <datafield tag="GPN" ind1="1" ind2=" ">
    <subfield code="a">H&#252;lshof, Annette von Droste-</subfield>
    <subfield code="d">1797-1848</subfield>
    <subfield code="A">GND</subfield>
    <subfield code="B">GND-118527533</subfield>
    <subfield code="C">400</subfield>
  </datafield>
  <datafield tag="GPN" ind1="1" ind2=" ">
    <subfield code="a">Droste-H&#252;lshof, Annette</subfield>
    <subfield code="c">Freiin von</subfield>
    <subfield code="d">1797-1848</subfield>
    <subfield code="A">GND</subfield>
    <subfield code="B">GND-118527533</subfield>
    <subfield code="C">400</subfield>
  </datafield>
  <datafield tag="GPN" ind1="1" ind2=" ">
    <subfield code="a">Droste zu H&#252;lshoff, Anna Elisabeth Franzisca Adolphina Wilhelmina Ludovica</subfield>
    <subfield code="b">Freiin von</subfield>
    <subfield code="d">1797-1848</subfield>
    <subfield code="A">GND</subfield>
    <subfield code="B">GND-118527533</subfield>
    <subfield code="C">400</subfield>
  </datafield>
  <datafield tag="GPN" ind1="1" ind2=" ">
    <subfield code="9">U:Kore</subfield>
    <subfield code="a">&#46300;&#47196;&#49828;&#53580;-&#55072;&#49828;&#54840;&#54532;, &#50500;&#45348;&#53580; &#54256;</subfield>
    <subfield code="d">1797-1848</subfield>
    <subfield code="5">DE-576</subfield>
    <subfield code="A">GND</subfield>
    <subfield code="B">GND-118527533</subfield>
    <subfield code="C">400</subfield>
  </datafield>
  <datafield tag="GPN" ind1="1" ind2=" ">
    <subfield code="9">U:Hebr</subfield>
    <subfield code="a">&#1491;&#1512;&#1493;&#1505;&#1496;&#1492;-&#1492;&#1497;&#1500;&#1505;&#1492;&#1493;&#1507;, &#1488;&#1504;&#1496;&#1492; &#1508;&#1493;&#1503;</subfield>
    <subfield code="d">1797-1848</subfield>
    <subfield code="5">DE-576</subfield>
    <subfield code="A">GND</subfield>
    <subfield code="B">GND-118527533</subfield>
    <subfield code="C">400</subfield>
  </datafield>
  <datafield tag="GPN" ind1="1" ind2=" ">
    <subfield code="9">U:Cyrl</subfield>
    <subfield code="9">L:rus</subfield>
    <subfield code="a">&#1044;&#1088;&#1086;&#1089;&#1090;&#1077;-&#1061;&#1102;&#1083;&#1100;&#1089;&#1093;&#1086;&#1092;&#1092;, &#1040;&#1085;&#1085;&#1077;&#1090;&#1090;&#1077; &lt;&lt;&#1092;&#1086;&#1085;&gt;&gt;</subfield>
    <subfield code="d">1797-1848</subfield>
    <subfield code="A">GND</subfield>
    <subfield code="B">GND-118527533</subfield>
    <subfield code="C">400</subfield>
  </datafield>
  <datafield tag="GPN" ind1="1" ind2=" ">
    <subfield code="9">U:Cyrl</subfield>
    <subfield code="9">L:rus</subfield>
    <subfield code="a">&#1061;&#1102;&#1083;&#1100;&#1089;&#1093;&#1086;&#1092;&#1092;, &#1040;&#1085;&#1085;&#1077;&#1090;&#1090;&#1077; &#1092;&#1086;&#1085; &#1044;&#1088;&#1086;&#1089;&#1090;&#1077;-</subfield>
    <subfield code="d">1797-1848</subfield>
    <subfield code="A">GND</subfield>
    <subfield code="B">GND-118527533</subfield>
    <subfield code="C">400</subfield>
  </datafield>
  <datafield tag="GSI" ind1="7" ind2=" ">
    <subfield code="a">118527533</subfield>
    <subfield code="0">http://d-nb.info/gnd/118527533</subfield>
    <subfield code="2">gnd</subfield>
    <subfield code="A">GND</subfield>
    <subfield code="B">GND-118527533</subfield>
    <subfield code="C">024</subfield>
  </datafield>
  <datafield tag="GSI" ind1="7" ind2=" ">
    <subfield code="a">0000 0001 2101 5349</subfield>
    <subfield code="2">isni</subfield>
    <subfield code="A">GND</subfield>
    <subfield code="B">GND-118527533</subfield>
    <subfield code="C">024</subfield>
  </datafield>
  <datafield tag="GSI" ind1="7" ind2=" ">
    <subfield code="a">n50066821</subfield>
    <subfield code="2">lccn</subfield>
    <subfield code="A">GND</subfield>
    <subfield code="B">GND-118527533</subfield>
    <subfield code="C">024</subfield>
  </datafield>
  <datafield tag="GSI" ind1="7" ind2=" ">
    <subfield code="a">56618775</subfield>
    <subfield code="2">viaf</subfield>
    <subfield code="A">GND</subfield>
    <subfield code="B">GND-118527533</subfield>
    <subfield code="C">024</subfield>
  </datafield>
  <datafield tag="GSI" ind1="7" ind2=" ">
    <subfield code="a">Q57307</subfield>
    <subfield code="2">wikidata</subfield>
    <subfield code="A">GND</subfield>
    <subfield code="B">GND-118527533</subfield>
    <subfield code="C">024</subfield>
  </datafield>
</record>